<?xml version="1.0" encoding="UTF-8"?>
<record xmlns="http://www.loc.gov/MARC21/slim">
   <leader>01401cam a2200289 a 4500</leader>
   <controlfield tag="001">2765590</controlfield>
   <controlfield tag="003">NjP</controlfield>
   <controlfield tag="005">20190705144811.0</controlfield>
   <controlfield tag="008">920703q19001992sy            000 0 arard</controlfield>
   <datafield tag="024" ind1="7" ind2=" ">
      <subfield code="a">princeton_aco004835</subfield>
      <subfield code="2">local</subfield>
   </datafield>
   <datafield ind1=" " ind2=" " tag="035">
      <subfield code="9">CNG1191TS</subfield>
   </datafield>
   <datafield ind1=" " ind2=" " tag="035">
      <subfield code="a">(NjP)2765590</subfield>
   </datafield>
   <datafield ind1=" " ind2=" " tag="040">
      <subfield code="a">IXA</subfield>
      <subfield code="c">PUL</subfield>
      <subfield code="d">PUL</subfield>
   </datafield>
   <datafield ind1=" " ind2=" " tag="049">
      <subfield code="a">PULL</subfield>
   </datafield>
   <datafield ind1=" " ind2=" " tag="035">
      <subfield code="a">(OCoLC)ocm26127821</subfield>
   </datafield>
   <datafield ind1="1" ind2=" " tag="100">
      <subfield code="6">880-01</subfield>
      <subfield code="a">Kawtharī, Muḥammad Zāhid ibn al-Ḥasan.</subfield>
   </datafield>
   <datafield ind1="1" ind2="3" tag="245">
      <subfield code="6">880-02</subfield>
      <subfield code="a">al-Ishfāq ʻalá aḥkām al-ṭalāq :</subfield>
      <subfield code="b">fī al-radd ʻalá "Niẓām al-ṭalāq" alladhī aṣdarahu Aḥmad Shākir al-Qāḍī /</subfield>
      <subfield code="c">bi-qalam Muḥammad Zāhid al-Kawtharī.</subfield>
   </datafield>
   <datafield ind1=" " ind2=" " tag="260">
      <subfield code="6">880-03</subfield>
      <subfield code="a">Ḥims :</subfield>
      <subfield code="b">R. Ḥākimī,</subfield>
      <subfield code="c">[19--]</subfield>
   </datafield>
   <datafield ind1=" " ind2=" " tag="300">
      <subfield code="a">124 p. ;</subfield>
      <subfield code="c">24 cm.</subfield>
   </datafield>
   <datafield ind1="1" ind2="0" tag="600">
      <subfield code="6">880-04</subfield>
      <subfield code="a">Qāḍī, Aḥmad Shākir.</subfield>
      <subfield code="t">Niẓām al-ṭalāq.</subfield>
      <subfield code="0">http://id.loc.gov/authorities/names/n88248285</subfield>
   </datafield>
   <datafield ind1=" " ind2="0" tag="650">
      <subfield code="a">Divorce (Islamic law)</subfield>
      <subfield code="0">http://id.loc.gov/authorities/subjects/sh85038630</subfield>
   </datafield>
   <datafield ind1="1" ind2=" " tag="880">
      <subfield code="6">100-01/r</subfield>
      <subfield code="a">كوثري، محمد زاهد بن الحسن.</subfield>
   </datafield>
   <datafield ind1="1" ind2="2" tag="880">
      <subfield code="6">245-02/r</subfield>
      <subfield code="a">الاشفاق على احكام الطلاق :</subfield>
      <subfield code="b">في الرد على "نظام الطلاق" الذي اصدره احمد شاكر القاضي /</subfield>
      <subfield code="c">بقلم محمد زاهد الكوثري.</subfield>
   </datafield>
   <datafield ind1=" " ind2=" " tag="880">
      <subfield code="6">260-03/r</subfield>
      <subfield code="a">حمس :</subfield>
      <subfield code="b">ر. حاكمي،</subfield>
      <subfield code="c">[19-]</subfield>
   </datafield>
   <datafield ind1="1" ind2="0" tag="880">
      <subfield code="6">600-04/r</subfield>
      <subfield code="a">قاضي، احمد شاكر.</subfield>
      <subfield code="t">نظام الطلاق.</subfield>
   </datafield>
   <datafield ind1=" " ind2=" " tag="911">
      <subfield code="a">20000130</subfield>
   </datafield>
   <datafield ind1=" " ind2=" " tag="994">
      <subfield code="a">C0</subfield>
      <subfield code="b">PUL</subfield>
   </datafield>
   <datafield ind1=" " ind2=" " tag="999">
      <subfield code="a">2765590</subfield>
   </datafield>
   <datafield ind1=" " ind2=" " tag="979">
      <subfield code="a">(OCoLC)ocn178358055</subfield>
   </datafield>
   <datafield ind1="8" ind2="0" tag="852">
      <subfield code="0">3076389</subfield>
      <subfield code="b">rcppa</subfield>
      <subfield code="t">1</subfield>
      <subfield code="h">2274.875103.753</subfield>
      <subfield code="x">tr fr f</subfield>
   </datafield>
   <datafield ind1=" " ind2=" " tag="959">
      <subfield code="a">2007-11-09 15:04:29 -0400</subfield>
   </datafield>
</record>
